@misc{li_johnson_karpathy,
  author        = {Li, Fei-Fei and Johnson, Justin and Karpathy, Andrej},
  title         = {Lecture notes in CS231},
  month         = {Feb},
  year          = {2016},
  publisher={Stanford}
}


%%%%%%%%%%%%%%%%%%%%%%%%%%%%%
%Images
@misc{rosebrock_2017, title={Intersection over Union (IoU) for object detection}, url={https://www.pyimagesearch.com/2016/11/07/intersection-over-union-iou-for-object-detection/}, journal={PyImageSearch}, author={Rosebrock, Adrian}, year={2017}, month={Nov}}
